@manual{leino2021dafny,
    title = {Dafny reference manual},
    author = {Leino, K Rustan M and Ford, Richard L and Cok, David R},
    year = {2021},
    howpublished = "\url{https://dafny.org/dafny/DafnyRef/DafnyRef}",
    note = {Accessed: January 2025}
}

@misc{enwiki:1265861302,
    author = {Wikipedia contributors},
    title = {Dafny --- {Wikipedia}{,} The Free Encyclopedia},
    year = {2024},
    howpublished = "\url{https://en.wikipedia.org/wiki/Dafny}",
    note = {Accessed: January 2025}
}

@misc{DP-javatpoint,
    author = {Javatpoint},
    title = {Dynamic Programming},
    howpublished = "\url{https://www.javatpoint.com/dynamic-programming}", 
    note = {Accessed: January 2025}
}

@misc{DP-GG,
    author = {GeeksforGeeks},
    title = {Dynamic Programming (DP) Introduction},
    howpublished = "\url{https://www.geeksforgeeks.org/introduction-to-dynamic-programming-data-structures-and-algorithm-tutorials}",
    note = {Accessed: January 2025}
}

@misc{Algorithm-Design,
    author = {Dorel Lucanu and {\c{S}}tefan Ciob{\^{a}}c{\u{a}}},
    title = {Lecture 11: Dynamic Programming},
    howpublished = "\url{https://sites.google.com/view/fii-pa/2024/lectures}",
    note = {Facultatea de informatică, Universitatea {``Alexandru-Ioan Cuza''} din Iași, Accessed: January 2025}
}

@misc{FAQ,
    title = {Frequently Asked Qustions},
    author = {James Wilcox},
    year = {2022},
    howpublished = "\url{https://github.com/dafny-lang/dafny/wiki/FAQ/how-does-dafny-handle-quantifiers-ive-heard-about-triggers-what-are-those}"
}

@incollection{DBLP:series/natosec/KoenigL12,
  author = {Jason Koenig and K. Rustan M. Leino},
  editor = {Tobias Nipkow and Orna Grumberg and Benedikt Hauptmann},
  title = {Getting Started with Dafny: {A} Guide},
  booktitle = {Software Safety and Security - Tools for Analysis and Verification},
  series = {{NATO} Science for Peace and Security Series - {D:} Information and Communication Security},
  volume = {33},
  pages = {152--181},
  publisher = {{IOS} Press},
  year = {2012},
  url = {https://doi.org/10.3233/978-1-61499-028-4-152},
  doi = {10.3233/978-1-61499-028-4-152},
  timestamp = {Wed, 04 Mar 2020 14:10:38 +0100},
  biburl = {https://dblp.org/rec/series/natosec/KoenigL12.bib},
  bibsource = {dblp computer science bibliography, https://dblp.org}
}

@misc{verification_optimization, 
    title = {Verification Optimization in Dafny}, 
    howpublished = "\url{https://dafny.org/latest/VerificationOptimization/VerificationOptimization}", 
    note = {Accessed: January 2025}
}